<?xml version="1.0" encoding="UTF-8"?><collection xmlns="http://www.loc.gov/MARC21/slim"><record><leader>00394nam--2200145-i-4500</leader><controlfield tag="001">000003254</controlfield><controlfield tag="002">20161230</controlfield><controlfield tag="005">20170305191521</controlfield><controlfield tag="008">060222s1000------------r-----000-0-eng-d</controlfield><datafield ind1=" " ind2=" " tag="100"><subfield code="a">Butt, D. K</subfield></datafield><datafield ind1=" " ind2=" " tag="245"><subfield code="a">The elementary particles of nature. Foreword by C.F.Powell</subfield></datafield><datafield ind1=" " ind2=" " tag="260"><subfield code="a">London</subfield><subfield code="b">Science Inform.Serv</subfield><subfield code="c">[1956]</subfield></datafield><datafield ind1=" " ind2=" " tag="300"><subfield code="a">19 p</subfield></datafield><datafield ind1=" " ind2=" " tag="700"><subfield code="a">Michaelis, E. G</subfield></datafield><datafield ind1=" " ind2=" " tag="CAT"><subfield code="a">SYS</subfield><subfield code="c">20170305</subfield><subfield code="h">191521</subfield></datafield></record></collection>